%YAML 1.1
%TAG !u! tag:unity3d.com,2011:
--- !u!29 &1
OcclusionCullingSettings:
  m_ObjectHideFlags: 0
  serializedVersion: 2
  m_OcclusionBakeSettings:
    smallestOccluder: 5
    smallestHole: 0.25
    backfaceThreshold: 100
  m_SceneGUID: 00000000000000000000000000000000
  m_OcclusionCullingData: {fileID: 0}
--- !u!104 &2
RenderSettings:
  m_ObjectHideFlags: 0
  serializedVersion: 8
  m_Fog: 0
  m_FogColor: {r: 0.5, g: 0.5, b: 0.5, a: 1}
  m_FogMode: 3
  m_FogDensity: 0.01
  m_LinearFogStart: 0
  m_LinearFogEnd: 300
  m_AmbientSkyColor: {r: 0.212, g: 0.227, b: 0.259, a: 1}
  m_AmbientEquatorColor: {r: 0.114, g: 0.125, b: 0.133, a: 1}
  m_AmbientGroundColor: {r: 0.047, g: 0.043, b: 0.035, a: 1}
  m_AmbientIntensity: 1
  m_AmbientMode: 3
  m_SubtractiveShadowColor: {r: 0.42, g: 0.478, b: 0.627, a: 1}
  m_SkyboxMaterial: {fileID: 0}
  m_HaloStrength: 0.5
  m_FlareStrength: 1
  m_FlareFadeSpeed: 3
  m_HaloTexture: {fileID: 0}
  m_SpotCookie: {fileID: 10001, guid: 0000000000000000e000000000000000, type: 0}
  m_DefaultReflectionMode: 0
  m_DefaultReflectionResolution: 128
  m_ReflectionBounces: 1
  m_ReflectionIntensity: 1
  m_CustomReflection: {fileID: 0}
  m_Sun: {fileID: 0}
  m_IndirectSpecularColor: {r: 0, g: 0, b: 0, a: 1}
--- !u!157 &3
LightmapSettings:
  m_ObjectHideFlags: 0
  serializedVersion: 9
  m_GIWorkflowMode: 1
  m_GISettings:
    serializedVersion: 2
    m_BounceScale: 1
    m_IndirectOutputScale: 1
    m_AlbedoBoost: 1
    m_TemporalCoherenceThreshold: 1
    m_EnvironmentLightingMode: 0
    m_EnableBakedLightmaps: 0
    m_EnableRealtimeLightmaps: 0
  m_LightmapEditorSettings:
    serializedVersion: 8
    m_Resolution: 2
    m_BakeResolution: 40
    m_TextureWidth: 1024
    m_TextureHeight: 1024
    m_AO: 0
    m_AOMaxDistance: 1
    m_CompAOExponent: 1
    m_CompAOExponentDirect: 0
    m_Padding: 2
    m_LightmapParameters: {fileID: 0}
    m_LightmapsBakeMode: 1
    m_TextureCompression: 1
    m_FinalGather: 0
    m_FinalGatherFiltering: 1
    m_FinalGatherRayCount: 256
    m_ReflectionCompression: 2
    m_MixedBakeMode: 3
    m_BakeBackend: 0
    m_PVRSampling: 1
    m_PVRDirectSampleCount: 32
    m_PVRSampleCount: 500
    m_PVRBounces: 2
    m_PVRFiltering: 0
    m_PVRFilteringMode: 1
    m_PVRCulling: 1
    m_PVRFilteringGaussRadiusDirect: 1
    m_PVRFilteringGaussRadiusIndirect: 5
    m_PVRFilteringGaussRadiusAO: 2
    m_PVRFilteringAtrousColorSigma: 1
    m_PVRFilteringAtrousNormalSigma: 1
    m_PVRFilteringAtrousPositionSigma: 1
  m_LightingDataAsset: {fileID: 0}
  m_ShadowMaskMode: 2
--- !u!196 &4
NavMeshSettings:
  serializedVersion: 2
  m_ObjectHideFlags: 0
  m_BuildSettings:
    serializedVersion: 2
    agentTypeID: 0
    agentRadius: 0.5
    agentHeight: 2
    agentSlope: 45
    agentClimb: 0.4
    ledgeDropHeight: 0
    maxJumpAcrossDistance: 0
    minRegionArea: 2
    manualCellSize: 0
    cellSize: 0.16666667
    manualTileSize: 0
    tileSize: 256
    accuratePlacement: 0
  m_NavMeshData: {fileID: 0}
--- !u!4 &28499418 stripped
Transform:
  m_PrefabParentObject: {fileID: 4325294053593696, guid: 751db996fbdb93740a27d6d17d86cc2d,
    type: 2}
  m_PrefabInternal: {fileID: 385475290}
--- !u!1001 &81266512
Prefab:
  m_ObjectHideFlags: 0
  serializedVersion: 2
  m_Modification:
    m_TransformParent: {fileID: 0}
    m_Modifications:
    - target: {fileID: 4567429998579086, guid: e7030d9b4701d054b9174bab6b9bfc43, type: 2}
      propertyPath: m_LocalPosition.x
      value: -2.0645628
      objectReference: {fileID: 0}
    - target: {fileID: 4567429998579086, guid: e7030d9b4701d054b9174bab6b9bfc43, type: 2}
      propertyPath: m_LocalPosition.y
      value: 17.04775
      objectReference: {fileID: 0}
    - target: {fileID: 4567429998579086, guid: e7030d9b4701d054b9174bab6b9bfc43, type: 2}
      propertyPath: m_LocalPosition.z
      value: 0
      objectReference: {fileID: 0}
    - target: {fileID: 4567429998579086, guid: e7030d9b4701d054b9174bab6b9bfc43, type: 2}
      propertyPath: m_LocalRotation.x
      value: 0
      objectReference: {fileID: 0}
    - target: {fileID: 4567429998579086, guid: e7030d9b4701d054b9174bab6b9bfc43, type: 2}
      propertyPath: m_LocalRotation.y
      value: 0
      objectReference: {fileID: 0}
    - target: {fileID: 4567429998579086, guid: e7030d9b4701d054b9174bab6b9bfc43, type: 2}
      propertyPath: m_LocalRotation.z
      value: 0
      objectReference: {fileID: 0}
    - target: {fileID: 4567429998579086, guid: e7030d9b4701d054b9174bab6b9bfc43, type: 2}
      propertyPath: m_LocalRotation.w
      value: 1
      objectReference: {fileID: 0}
    - target: {fileID: 4567429998579086, guid: e7030d9b4701d054b9174bab6b9bfc43, type: 2}
      propertyPath: m_RootOrder
      value: 1
      objectReference: {fileID: 0}
    - target: {fileID: 114546980343581284, guid: e7030d9b4701d054b9174bab6b9bfc43,
        type: 2}
      propertyPath: nextScene
      value: scene1
      objectReference: {fileID: 0}
    m_RemovedComponents: []
  m_ParentPrefab: {fileID: 100100000, guid: e7030d9b4701d054b9174bab6b9bfc43, type: 2}
  m_IsPrefabParent: 0
--- !u!114 &81266513 stripped
MonoBehaviour:
  m_PrefabParentObject: {fileID: 114546980343581284, guid: e7030d9b4701d054b9174bab6b9bfc43,
    type: 2}
  m_PrefabInternal: {fileID: 81266512}
  m_Script: {fileID: 11500000, guid: 4a10ac605eef6d04d83a4b1b8fcf2bab, type: 3}
--- !u!4 &216286383 stripped
Transform:
  m_PrefabParentObject: {fileID: 4325294053593696, guid: 751db996fbdb93740a27d6d17d86cc2d,
    type: 2}
  m_PrefabInternal: {fileID: 1740013384}
--- !u!1001 &296104293
Prefab:
  m_ObjectHideFlags: 0
  serializedVersion: 2
  m_Modification:
    m_TransformParent: {fileID: 0}
    m_Modifications:
    - target: {fileID: 4236053807416824, guid: bc759455cc713ef4cbc69b0b2e5c0ff8, type: 2}
      propertyPath: m_LocalPosition.x
      value: 0.80158806
      objectReference: {fileID: 0}
    - target: {fileID: 4236053807416824, guid: bc759455cc713ef4cbc69b0b2e5c0ff8, type: 2}
      propertyPath: m_LocalPosition.y
      value: -12.8
      objectReference: {fileID: 0}
    - target: {fileID: 4236053807416824, guid: bc759455cc713ef4cbc69b0b2e5c0ff8, type: 2}
      propertyPath: m_LocalPosition.z
      value: -10
      objectReference: {fileID: 0}
    - target: {fileID: 4236053807416824, guid: bc759455cc713ef4cbc69b0b2e5c0ff8, type: 2}
      propertyPath: m_LocalRotation.x
      value: -0
      objectReference: {fileID: 0}
    - target: {fileID: 4236053807416824, guid: bc759455cc713ef4cbc69b0b2e5c0ff8, type: 2}
      propertyPath: m_LocalRotation.y
      value: -0
      objectReference: {fileID: 0}
    - target: {fileID: 4236053807416824, guid: bc759455cc713ef4cbc69b0b2e5c0ff8, type: 2}
      propertyPath: m_LocalRotation.z
      value: -0
      objectReference: {fileID: 0}
    - target: {fileID: 4236053807416824, guid: bc759455cc713ef4cbc69b0b2e5c0ff8, type: 2}
      propertyPath: m_LocalRotation.w
      value: 1
      objectReference: {fileID: 0}
    - target: {fileID: 4236053807416824, guid: bc759455cc713ef4cbc69b0b2e5c0ff8, type: 2}
      propertyPath: m_RootOrder
      value: 4
      objectReference: {fileID: 0}
    - target: {fileID: 114347695799803400, guid: bc759455cc713ef4cbc69b0b2e5c0ff8,
        type: 2}
      propertyPath: target
      value: 
      objectReference: {fileID: 552122623}
    m_RemovedComponents: []
  m_ParentPrefab: {fileID: 100100000, guid: bc759455cc713ef4cbc69b0b2e5c0ff8, type: 2}
  m_IsPrefabParent: 0
--- !u!1001 &385475290
Prefab:
  m_ObjectHideFlags: 0
  serializedVersion: 2
  m_Modification:
    m_TransformParent: {fileID: 697577718}
    m_Modifications:
    - target: {fileID: 4325294053593696, guid: 751db996fbdb93740a27d6d17d86cc2d, type: 2}
      propertyPath: m_LocalPosition.x
      value: 0
      objectReference: {fileID: 0}
    - target: {fileID: 4325294053593696, guid: 751db996fbdb93740a27d6d17d86cc2d, type: 2}
      propertyPath: m_LocalPosition.y
      value: 0
      objectReference: {fileID: 0}
    - target: {fileID: 4325294053593696, guid: 751db996fbdb93740a27d6d17d86cc2d, type: 2}
      propertyPath: m_LocalPosition.z
      value: 0
      objectReference: {fileID: 0}
    - target: {fileID: 4325294053593696, guid: 751db996fbdb93740a27d6d17d86cc2d, type: 2}
      propertyPath: m_LocalRotation.x
      value: -0
      objectReference: {fileID: 0}
    - target: {fileID: 4325294053593696, guid: 751db996fbdb93740a27d6d17d86cc2d, type: 2}
      propertyPath: m_LocalRotation.y
      value: -0
      objectReference: {fileID: 0}
    - target: {fileID: 4325294053593696, guid: 751db996fbdb93740a27d6d17d86cc2d, type: 2}
      propertyPath: m_LocalRotation.z
      value: 0.7071068
      objectReference: {fileID: 0}
    - target: {fileID: 4325294053593696, guid: 751db996fbdb93740a27d6d17d86cc2d, type: 2}
      propertyPath: m_LocalRotation.w
      value: 0.7071068
      objectReference: {fileID: 0}
    - target: {fileID: 4325294053593696, guid: 751db996fbdb93740a27d6d17d86cc2d, type: 2}
      propertyPath: m_RootOrder
      value: 1
      objectReference: {fileID: 0}
    - target: {fileID: 4325294053593696, guid: 751db996fbdb93740a27d6d17d86cc2d, type: 2}
      propertyPath: m_LocalEulerAnglesHint.z
      value: 90
      objectReference: {fileID: 0}
    - target: {fileID: 1660536054974048, guid: 751db996fbdb93740a27d6d17d86cc2d, type: 2}
      propertyPath: m_Name
      value: Asteroid_group (1)
      objectReference: {fileID: 0}
    - target: {fileID: 4325294053593696, guid: 751db996fbdb93740a27d6d17d86cc2d, type: 2}
      propertyPath: m_LocalScale.x
      value: 1
      objectReference: {fileID: 0}
    - target: {fileID: 4325294053593696, guid: 751db996fbdb93740a27d6d17d86cc2d, type: 2}
      propertyPath: m_LocalScale.y
      value: 1
      objectReference: {fileID: 0}
    - target: {fileID: 50934973560486654, guid: 751db996fbdb93740a27d6d17d86cc2d,
        type: 2}
      propertyPath: m_Mass
      value: 5.9682994
      objectReference: {fileID: 0}
    - target: {fileID: 50134210706205146, guid: 751db996fbdb93740a27d6d17d86cc2d,
        type: 2}
      propertyPath: m_Mass
      value: 3.8494499
      objectReference: {fileID: 0}
    - target: {fileID: 50016650994471992, guid: 751db996fbdb93740a27d6d17d86cc2d,
        type: 2}
      propertyPath: m_Mass
      value: 5.9682994
      objectReference: {fileID: 0}
    - target: {fileID: 50555758075815298, guid: 751db996fbdb93740a27d6d17d86cc2d,
        type: 2}
      propertyPath: m_Mass
      value: 5.1115494
      objectReference: {fileID: 0}
    m_RemovedComponents: []
  m_ParentPrefab: {fileID: 100100000, guid: 751db996fbdb93740a27d6d17d86cc2d, type: 2}
  m_IsPrefabParent: 0
--- !u!1001 &485584365
Prefab:
  m_ObjectHideFlags: 0
  serializedVersion: 2
  m_Modification:
    m_TransformParent: {fileID: 0}
    m_Modifications:
    - target: {fileID: 4329010701416404, guid: 9f071902184c67e43a1fd73d305515d9, type: 2}
      propertyPath: m_LocalPosition.x
      value: 3.6938434
      objectReference: {fileID: 0}
    - target: {fileID: 4329010701416404, guid: 9f071902184c67e43a1fd73d305515d9, type: 2}
      propertyPath: m_LocalPosition.y
      value: 19.143906
      objectReference: {fileID: 0}
    - target: {fileID: 4329010701416404, guid: 9f071902184c67e43a1fd73d305515d9, type: 2}
      propertyPath: m_LocalPosition.z
      value: 0
      objectReference: {fileID: 0}
    - target: {fileID: 4329010701416404, guid: 9f071902184c67e43a1fd73d305515d9, type: 2}
      propertyPath: m_LocalRotation.x
      value: 0
      objectReference: {fileID: 0}
    - target: {fileID: 4329010701416404, guid: 9f071902184c67e43a1fd73d305515d9, type: 2}
      propertyPath: m_LocalRotation.y
      value: 0
      objectReference: {fileID: 0}
    - target: {fileID: 4329010701416404, guid: 9f071902184c67e43a1fd73d305515d9, type: 2}
      propertyPath: m_LocalRotation.z
      value: 0
      objectReference: {fileID: 0}
    - target: {fileID: 4329010701416404, guid: 9f071902184c67e43a1fd73d305515d9, type: 2}
      propertyPath: m_LocalRotation.w
      value: 1
      objectReference: {fileID: 0}
    - target: {fileID: 4329010701416404, guid: 9f071902184c67e43a1fd73d305515d9, type: 2}
      propertyPath: m_RootOrder
      value: 0
      objectReference: {fileID: 0}
    m_RemovedComponents: []
  m_ParentPrefab: {fileID: 100100000, guid: 9f071902184c67e43a1fd73d305515d9, type: 2}
  m_IsPrefabParent: 0
--- !u!1001 &515092951
Prefab:
  m_ObjectHideFlags: 0
  serializedVersion: 2
  m_Modification:
    m_TransformParent: {fileID: 0}
    m_Modifications:
    - target: {fileID: 4173351195805466, guid: 8a98a4825cd31e5438f48e83b43c14ba, type: 2}
      propertyPath: m_LocalPosition.x
      value: 0.8
      objectReference: {fileID: 0}
    - target: {fileID: 4173351195805466, guid: 8a98a4825cd31e5438f48e83b43c14ba, type: 2}
      propertyPath: m_LocalPosition.y
      value: 15.9
      objectReference: {fileID: 0}
    - target: {fileID: 4173351195805466, guid: 8a98a4825cd31e5438f48e83b43c14ba, type: 2}
      propertyPath: m_LocalPosition.z
      value: 0
      objectReference: {fileID: 0}
    - target: {fileID: 4173351195805466, guid: 8a98a4825cd31e5438f48e83b43c14ba, type: 2}
      propertyPath: m_LocalRotation.x
      value: 0
      objectReference: {fileID: 0}
    - target: {fileID: 4173351195805466, guid: 8a98a4825cd31e5438f48e83b43c14ba, type: 2}
      propertyPath: m_LocalRotation.y
      value: 0
      objectReference: {fileID: 0}
    - target: {fileID: 4173351195805466, guid: 8a98a4825cd31e5438f48e83b43c14ba, type: 2}
      propertyPath: m_LocalRotation.z
      value: 0
      objectReference: {fileID: 0}
    - target: {fileID: 4173351195805466, guid: 8a98a4825cd31e5438f48e83b43c14ba, type: 2}
      propertyPath: m_LocalRotation.w
      value: 1
      objectReference: {fileID: 0}
    - target: {fileID: 4173351195805466, guid: 8a98a4825cd31e5438f48e83b43c14ba, type: 2}
      propertyPath: m_RootOrder
      value: 3
      objectReference: {fileID: 0}
    m_RemovedComponents: []
  m_ParentPrefab: {fileID: 100100000, guid: 8a98a4825cd31e5438f48e83b43c14ba, type: 2}
  m_IsPrefabParent: 0
--- !u!1001 &552122622
Prefab:
  m_ObjectHideFlags: 0
  serializedVersion: 2
  m_Modification:
    m_TransformParent: {fileID: 0}
    m_Modifications:
    - target: {fileID: 4160609909048488, guid: b0eeb1a845b0c5047950a6b452f61cbc, type: 2}
      propertyPath: m_LocalPosition.x
      value: 0.80158806
      objectReference: {fileID: 0}
    - target: {fileID: 4160609909048488, guid: b0eeb1a845b0c5047950a6b452f61cbc, type: 2}
      propertyPath: m_LocalPosition.y
      value: -12.8
      objectReference: {fileID: 0}
    - target: {fileID: 4160609909048488, guid: b0eeb1a845b0c5047950a6b452f61cbc, type: 2}
      propertyPath: m_LocalPosition.z
      value: 0
      objectReference: {fileID: 0}
    - target: {fileID: 4160609909048488, guid: b0eeb1a845b0c5047950a6b452f61cbc, type: 2}
      propertyPath: m_LocalRotation.x
      value: 0
      objectReference: {fileID: 0}
    - target: {fileID: 4160609909048488, guid: b0eeb1a845b0c5047950a6b452f61cbc, type: 2}
      propertyPath: m_LocalRotation.y
      value: 0
      objectReference: {fileID: 0}
    - target: {fileID: 4160609909048488, guid: b0eeb1a845b0c5047950a6b452f61cbc, type: 2}
      propertyPath: m_LocalRotation.z
      value: 0
      objectReference: {fileID: 0}
    - target: {fileID: 4160609909048488, guid: b0eeb1a845b0c5047950a6b452f61cbc, type: 2}
      propertyPath: m_LocalRotation.w
      value: 1
      objectReference: {fileID: 0}
    - target: {fileID: 4160609909048488, guid: b0eeb1a845b0c5047950a6b452f61cbc, type: 2}
      propertyPath: m_RootOrder
      value: 2
      objectReference: {fileID: 0}
    - target: {fileID: 114436866219975482, guid: b0eeb1a845b0c5047950a6b452f61cbc,
        type: 2}
      propertyPath: m_thisSceneWarp
      value: 
      objectReference: {fileID: 81266513}
    m_RemovedComponents: []
  m_ParentPrefab: {fileID: 100100000, guid: b0eeb1a845b0c5047950a6b452f61cbc, type: 2}
  m_IsPrefabParent: 0
--- !u!4 &552122623 stripped
Transform:
  m_PrefabParentObject: {fileID: 4160609909048488, guid: b0eeb1a845b0c5047950a6b452f61cbc,
    type: 2}
  m_PrefabInternal: {fileID: 552122622}
--- !u!1 &697577717
GameObject:
  m_ObjectHideFlags: 0
  m_PrefabParentObject: {fileID: 0}
  m_PrefabInternal: {fileID: 0}
  serializedVersion: 5
  m_Component:
  - component: {fileID: 697577718}
  m_Layer: 0
  m_Name: Asteroids_Holder
  m_TagString: Untagged
  m_Icon: {fileID: 0}
  m_NavMeshLayer: 0
  m_StaticEditorFlags: 0
  m_IsActive: 1
--- !u!4 &697577718
Transform:
  m_ObjectHideFlags: 0
  m_PrefabParentObject: {fileID: 0}
  m_PrefabInternal: {fileID: 0}
  m_GameObject: {fileID: 697577717}
  m_LocalRotation: {x: 0, y: 0, z: 0, w: 1}
  m_LocalPosition: {x: -28.1, y: 10.4, z: 0}
  m_LocalScale: {x: 1, y: 1, z: 1}
  m_Children:
  - {fileID: 216286383}
  - {fileID: 28499418}
  m_Father: {fileID: 0}
  m_RootOrder: 6
  m_LocalEulerAnglesHint: {x: 0, y: 0, z: 0}
--- !u!1 &1736087162
GameObject:
  m_ObjectHideFlags: 0
  m_PrefabParentObject: {fileID: 1722208987445972, guid: 751db996fbdb93740a27d6d17d86cc2d,
    type: 2}
  m_PrefabInternal: {fileID: 0}
  serializedVersion: 5
  m_Component:
  - component: {fileID: 1736087163}
  - component: {fileID: 1736087166}
  - component: {fileID: 1736087165}
  - component: {fileID: 1736087164}
  m_Layer: 0
  m_Name: Asteroid_0 (1)
  m_TagString: Asteroid
  m_Icon: {fileID: 0}
  m_NavMeshLayer: 0
  m_StaticEditorFlags: 0
  m_IsActive: 1
--- !u!4 &1736087163
Transform:
  m_ObjectHideFlags: 0
  m_PrefabParentObject: {fileID: 4769536787674300, guid: 751db996fbdb93740a27d6d17d86cc2d,
    type: 2}
  m_PrefabInternal: {fileID: 0}
  m_GameObject: {fileID: 1736087162}
  m_LocalRotation: {x: -0, y: -0, z: -0, w: 1}
  m_LocalPosition: {x: -6.6000032, y: -45.90001, z: 0}
  m_LocalScale: {x: 1.0000005, y: 1.0000005, z: 1}
  m_Children: []
  m_Father: {fileID: 216286383}
  m_RootOrder: 14
  m_LocalEulerAnglesHint: {x: 0, y: 0, z: 0}
--- !u!60 &1736087164
PolygonCollider2D:
  m_ObjectHideFlags: 0
  m_PrefabParentObject: {fileID: 60927425671967488, guid: 751db996fbdb93740a27d6d17d86cc2d,
    type: 2}
  m_PrefabInternal: {fileID: 0}
  m_GameObject: {fileID: 1736087162}
  m_Enabled: 1
  m_Density: 1
  m_Material: {fileID: 6200000, guid: 4459c020349455f4c940198dbb744a71, type: 2}
  m_IsTrigger: 0
  m_UsedByEffector: 0
  m_UsedByComposite: 0
  m_Offset: {x: 0, y: 0}
  m_SpriteTilingProperty:
    border: {x: 0, y: 0, z: 0, w: 0}
    pivot: {x: 0.5, y: 0.5}
    oldSize: {x: 1.98, y: 2.07}
    newSize: {x: 1.98, y: 2.07}
    adaptiveTilingThreshold: 0.5
    drawMode: 0
    adaptiveTiling: 0
  m_AutoTiling: 0
  m_Points:
    m_Paths:
    - - {x: 0.98999995, y: 0.72499996}
      - {x: 0.78, y: 1.035}
      - {x: -0.58, y: 1.035}
      - {x: -0.90999997, y: 0.895}
      - {x: -0.98999995, y: 0.755}
      - {x: -0.98999995, y: -0.33499998}
      - {x: -0.81, y: -0.515}
      - {x: -0.76, y: -0.865}
      - {x: -0.65999997, y: -0.965}
      - {x: -0.32, y: -1.035}
      - {x: 0.66999996, y: -1.035}
      - {x: 0.82, y: -0.98499995}
      - {x: 0.91999996, y: -0.885}
      - {x: 0.98999995, y: -0.705}
--- !u!50 &1736087165
Rigidbody2D:
  serializedVersion: 4
  m_ObjectHideFlags: 0
  m_PrefabParentObject: {fileID: 50189047403001096, guid: 751db996fbdb93740a27d6d17d86cc2d,
    type: 2}
  m_PrefabInternal: {fileID: 0}
  m_GameObject: {fileID: 1736087162}
  m_BodyType: 0
  m_Simulated: 1
  m_UseFullKinematicContacts: 0
  m_UseAutoMass: 0
  m_Mass: 1
  m_LinearDrag: 0
  m_AngularDrag: 0.05
  m_GravityScale: 0
  m_Material: {fileID: 0}
  m_Interpolate: 0
  m_SleepingMode: 1
  m_CollisionDetection: 0
  m_Constraints: 0
--- !u!212 &1736087166
SpriteRenderer:
  m_ObjectHideFlags: 0
  m_PrefabParentObject: {fileID: 212067074997334698, guid: 751db996fbdb93740a27d6d17d86cc2d,
    type: 2}
  m_PrefabInternal: {fileID: 0}
  m_GameObject: {fileID: 1736087162}
  m_Enabled: 1
  m_CastShadows: 0
  m_ReceiveShadows: 0
  m_MotionVectors: 1
  m_LightProbeUsage: 1
  m_ReflectionProbeUsage: 1
  m_Materials:
  - {fileID: 10754, guid: 0000000000000000f000000000000000, type: 0}
  m_StaticBatchInfo:
    firstSubMesh: 0
    subMeshCount: 0
  m_StaticBatchRoot: {fileID: 0}
  m_ProbeAnchor: {fileID: 0}
  m_LightProbeVolumeOverride: {fileID: 0}
  m_ScaleInLightmap: 1
  m_PreserveUVs: 0
  m_IgnoreNormalsForChartDetection: 0
  m_ImportantGI: 0
  m_SelectedEditorRenderState: 0
  m_MinimumChartSize: 4
  m_AutoUVMaxDistance: 0.5
  m_AutoUVMaxAngle: 89
  m_LightmapParameters: {fileID: 0}
  m_SortingLayerID: 0
  m_SortingLayer: 0
  m_SortingOrder: 0
  m_Sprite: {fileID: 21300000, guid: 7f2369d02cef11442b6399c5110bfd37, type: 3}
  m_Color: {r: 1, g: 1, b: 1, a: 1}
  m_FlipX: 0
  m_FlipY: 0
  m_DrawMode: 0
  m_Size: {x: 1.98, y: 2.07}
  m_AdaptiveModeThreshold: 0.5
  m_SpriteTileMode: 0
--- !u!1001 &1740013384
Prefab:
  m_ObjectHideFlags: 0
  serializedVersion: 2
  m_Modification:
    m_TransformParent: {fileID: 697577718}
    m_Modifications:
    - target: {fileID: 4325294053593696, guid: 751db996fbdb93740a27d6d17d86cc2d, type: 2}
      propertyPath: m_LocalPosition.x
      value: 54
      objectReference: {fileID: 0}
    - target: {fileID: 4325294053593696, guid: 751db996fbdb93740a27d6d17d86cc2d, type: 2}
      propertyPath: m_LocalPosition.y
      value: 7.300001
      objectReference: {fileID: 0}
    - target: {fileID: 4325294053593696, guid: 751db996fbdb93740a27d6d17d86cc2d, type: 2}
      propertyPath: m_LocalPosition.z
      value: 0
      objectReference: {fileID: 0}
    - target: {fileID: 4325294053593696, guid: 751db996fbdb93740a27d6d17d86cc2d, type: 2}
      propertyPath: m_LocalRotation.x
      value: -0
      objectReference: {fileID: 0}
    - target: {fileID: 4325294053593696, guid: 751db996fbdb93740a27d6d17d86cc2d, type: 2}
      propertyPath: m_LocalRotation.y
      value: -0
      objectReference: {fileID: 0}
    - target: {fileID: 4325294053593696, guid: 751db996fbdb93740a27d6d17d86cc2d, type: 2}
      propertyPath: m_LocalRotation.z
      value: -0.7071068
      objectReference: {fileID: 0}
    - target: {fileID: 4325294053593696, guid: 751db996fbdb93740a27d6d17d86cc2d, type: 2}
      propertyPath: m_LocalRotation.w
      value: 0.7071068
      objectReference: {fileID: 0}
    - target: {fileID: 4325294053593696, guid: 751db996fbdb93740a27d6d17d86cc2d, type: 2}
      propertyPath: m_RootOrder
      value: 0
      objectReference: {fileID: 0}
    - target: {fileID: 4325294053593696, guid: 751db996fbdb93740a27d6d17d86cc2d, type: 2}
      propertyPath: m_LocalEulerAnglesHint.z
      value: -90
      objectReference: {fileID: 0}
    - target: {fileID: 4325294053593696, guid: 751db996fbdb93740a27d6d17d86cc2d, type: 2}
      propertyPath: m_LocalScale.x
      value: 1
      objectReference: {fileID: 0}
    - target: {fileID: 4325294053593696, guid: 751db996fbdb93740a27d6d17d86cc2d, type: 2}
      propertyPath: m_LocalScale.y
      value: 1
      objectReference: {fileID: 0}
    m_RemovedComponents: []
  m_ParentPrefab: {fileID: 100100000, guid: 751db996fbdb93740a27d6d17d86cc2d, type: 2}
  m_IsPrefabParent: 0
--- !u!1001 &1740217760
Prefab:
  m_ObjectHideFlags: 0
  serializedVersion: 2
  m_Modification:
    m_TransformParent: {fileID: 0}
    m_Modifications:
    - target: {fileID: 4548358639238496, guid: 07e31ea0d0bdb0f45b32a3fcbdc374fd, type: 2}
      propertyPath: m_LocalPosition.x
      value: 0
      objectReference: {fileID: 0}
    - target: {fileID: 4548358639238496, guid: 07e31ea0d0bdb0f45b32a3fcbdc374fd, type: 2}
      propertyPath: m_LocalPosition.y
      value: 0
      objectReference: {fileID: 0}
    - target: {fileID: 4548358639238496, guid: 07e31ea0d0bdb0f45b32a3fcbdc374fd, type: 2}
      propertyPath: m_LocalPosition.z
      value: 0
      objectReference: {fileID: 0}
    - target: {fileID: 4548358639238496, guid: 07e31ea0d0bdb0f45b32a3fcbdc374fd, type: 2}
      propertyPath: m_LocalRotation.x
      value: 0
      objectReference: {fileID: 0}
    - target: {fileID: 4548358639238496, guid: 07e31ea0d0bdb0f45b32a3fcbdc374fd, type: 2}
      propertyPath: m_LocalRotation.y
      value: 0
      objectReference: {fileID: 0}
    - target: {fileID: 4548358639238496, guid: 07e31ea0d0bdb0f45b32a3fcbdc374fd, type: 2}
      propertyPath: m_LocalRotation.z
      value: 0
      objectReference: {fileID: 0}
    - target: {fileID: 4548358639238496, guid: 07e31ea0d0bdb0f45b32a3fcbdc374fd, type: 2}
      propertyPath: m_LocalRotation.w
      value: 1
      objectReference: {fileID: 0}
    - target: {fileID: 4548358639238496, guid: 07e31ea0d0bdb0f45b32a3fcbdc374fd, type: 2}
      propertyPath: m_RootOrder
      value: 5
      objectReference: {fileID: 0}
    m_RemovedComponents: []
  m_ParentPrefab: {fileID: 100100000, guid: 07e31ea0d0bdb0f45b32a3fcbdc374fd, type: 2}
  m_IsPrefabParent: 0
